%日本語版 BibTeX ファイルサンプル

@preamble{ "\newcommand{\noopsort}[1]{} "
	# "\newcommand{\printfirst}[2]{#1} "
	# "\newcommand{\singleletter}[1]{#1} "
	# "\newcommand{\switchargs}[2]{#2#1} " }


@article{Kimura1998,
  author="一紀, 木村",
  title="色彩語における漢字の果たす役割について--赤・紅・朱をめぐって",
  journal="主流",
  ISSN="03893138",
  publisher="同志社大学英文学会",
  year="1998",
  month="",
  volume="",
  number="59",
  pages="63-84",
  URL="https://ci.nii.ac.jp/naid/110000229227/",
  DOI="info:doi/10.14988/pa.2017.0000015141",
}

@article{Tsutsui2019,
	author="筒井, 亜湖",
	title="現代日本人にみられる色彩語彙の特徴：美術系大学生の事例",
	journal="日本色彩学会誌",
	ISSN="0389-9357",
	publisher="一般社団法人 日本色彩学会",
	year="2019",
	month="",
	volume="43",
	number="3",
	pages="38",
	URL="https://ci.nii.ac.jp/naid/130007676375/",
	DOI="10.15048/jcsaj.43.3__38",
}

@article{Kunimoto2019,
	author="國本, 学史",
	title="日本の色名の近代化",
	journal="日本色彩学会誌",
	ISSN="0389-9357",
	publisher="一般社団法人 日本色彩学会",
	year="2019",
	month="",
	volume="43",
	number="3",
	pages="43",
	URL="https://ci.nii.ac.jp/naid/130007676372/",
	DOI="10.15048/jcsaj.43.3__43",
}

@article{Uno2018,
  title={漢字の形態情報が共感覚色の数に与える影響},
  author={宇野 究人 and 浅野 倫子 and 横澤 一彦},
  journal={心理学研究},
  volume={advpub},
  number={ },
  pages={},
  year={2018},
  doi={10.4992/jjpsy.89.17054}
}

@misc{ NipponColors,
	author = "ONO TAKEHIKO",
	title = "NIPPON COLORS - 日本の伝統色",
	howpublished = "\url{http://nipponcolors.com}",
	note = "参照: 2019-7-18"
}

@misc{ WikiColorName,
	author = "ウィキメディア財団",
	title = "色名一覧",
	howpublished = "\url{https://ja.wikipedia.org/wiki/色名一覧}",
	note = "参照: 2019-6-15"
}


@misc{ JisColor,
	author = "日本産業標準調査会",
	title = "日本産業標準調査会：データベース-JIS規格詳細画面",
	howpublished = "\url{https://www.jisc.go.jp/app/jis/general/GnrJISNumberNameSearchList?show&jisStdNo=Z8102}",
	note = "参照: 2019-7-18"
}

@article{ Ito04,
	author = "T. Itoh and Y. Yamaguchi and Y. Ikehata and Y. Kajinaga",
	title = "Hierarchical {Data} {Visualization}
		{Using} a {Fast} {Rectangle-Packing} {Algorithm}",
	journal = "IEEE Transactions on Visualization and Computer Graphics",
	year = "2004",
	volume = "10",
	pages = "302 -- 313"
}

@article{ Abe10,
	author = "阿部雅樹 and 渡辺大地",
	title = "エネルギー波表現のリアルタイムレンダリング",
	journal = "芸術科学会論文誌",
	year = "2010",
	volume = "9",
	number = "3",
	pages = "93 -- 101",
}

@book{ Ito18,
	author = "伊藤貴之",
	title = "意思決定を助ける 情報可視化技術",
	publisher = "コロナ社",
	year = "2018",
	note = "{ISBN}: 978-4339028836",
}

@misc{ ArtScience,
	author = "芸術科学会",
	title = "芸術科学会論文誌 Web ページ",
	howpublished = "\url{https://art-science.org/journal/}",
	note = "参照: 2019-1-1",
}